<?xml version="1.0" encoding="UTF-8"?>
<marc:collection xmlns:marc="http://www.loc.gov/MARC21/slim"
    xmlns:xsi="http://www.w3.org/2001/XMLSchema-instance"
    xsi:schemaLocation="http://www.loc.gov/MARC21/slim http://www.loc.gov/standards/marcxml/schema/MARC21slim.xsd">
    <marc:record>
        <marc:leader>13065cam a2200853 a 4500</marc:leader>
        <marc:controlfield tag="001">99146543260001452</marc:controlfield>
        <marc:controlfield tag="005">20240127213016.0</marc:controlfield>
        <marc:controlfield tag="006">jmunn           n </marc:controlfield>
        <marc:controlfield tag="006">innnn        z  n </marc:controlfield>
        <marc:controlfield tag="007">sd fungnnmmuuu</marc:controlfield>
        <marc:controlfield tag="008">110713m20049999nyuab    b    001 0 eng d</marc:controlfield>
        <marc:datafield tag="020" ind1=" " ind2=" ">
            <marc:subfield code="a">0321233972</marc:subfield>
            <marc:subfield code="q">(CD with vol. I (A, B, C) package)</marc:subfield>
        </marc:datafield>
        <marc:datafield tag="020" ind1=" " ind2=" ">
            <marc:subfield code="a">9780321233974</marc:subfield>
            <marc:subfield code="q">(CD with vol. I (A, B, C) package)</marc:subfield>
        </marc:datafield>
        <marc:datafield tag="020" ind1=" " ind2=" ">
            <marc:subfield code="a">0321055330</marc:subfield>
            <marc:subfield code="q">(v. A)</marc:subfield>
        </marc:datafield>
        <marc:datafield tag="020" ind1=" " ind2=" ">
            <marc:subfield code="a">9780321055330</marc:subfield>
            <marc:subfield code="q">(v. A)</marc:subfield>
        </marc:datafield>
        <marc:datafield tag="020" ind1=" " ind2=" ">
            <marc:subfield code="a">0321169786</marc:subfield>
            <marc:subfield code="q">(v. B)</marc:subfield>
        </marc:datafield>
        <marc:datafield tag="020" ind1=" " ind2=" ">
            <marc:subfield code="a">9780321169785</marc:subfield>
            <marc:subfield code="q">(v. B)</marc:subfield>
        </marc:datafield>
        <marc:datafield tag="020" ind1=" " ind2=" ">
            <marc:subfield code="a">0321169794</marc:subfield>
            <marc:subfield code="q">(v. C)</marc:subfield>
        </marc:datafield>
        <marc:datafield tag="020" ind1=" " ind2=" ">
            <marc:subfield code="a">9780321169792</marc:subfield>
            <marc:subfield code="q">(v. C)</marc:subfield>
        </marc:datafield>
        <marc:datafield tag="020" ind1=" " ind2=" ">
            <marc:subfield code="a">0321169808</marc:subfield>
            <marc:subfield code="q">(v. D)</marc:subfield>
        </marc:datafield>
        <marc:datafield tag="020" ind1=" " ind2=" ">
            <marc:subfield code="a">9780321169808</marc:subfield>
            <marc:subfield code="q">(v. D)</marc:subfield>
        </marc:datafield>
        <marc:datafield tag="020" ind1=" " ind2=" ">
            <marc:subfield code="a">0321173066</marc:subfield>
            <marc:subfield code="q">(v. E)</marc:subfield>
        </marc:datafield>
        <marc:datafield tag="020" ind1=" " ind2=" ">
            <marc:subfield code="a">9780321173065</marc:subfield>
            <marc:subfield code="q">(v. E)</marc:subfield>
        </marc:datafield>
        <marc:datafield tag="020" ind1=" " ind2=" ">
            <marc:subfield code="a">0321055365</marc:subfield>
            <marc:subfield code="q">(v. F)</marc:subfield>
        </marc:datafield>
        <marc:datafield tag="020" ind1=" " ind2=" ">
            <marc:subfield code="a">9780321055361</marc:subfield>
            <marc:subfield code="q">(v. F)</marc:subfield>
        </marc:datafield>
        <marc:datafield tag="020" ind1=" " ind2=" ">
            <marc:subfield code="a">0321207912</marc:subfield>
            <marc:subfield code="q">(v. I, boxed review copy)</marc:subfield>
        </marc:datafield>
        <marc:datafield tag="020" ind1=" " ind2=" ">
            <marc:subfield code="a">9780321207913</marc:subfield>
        </marc:datafield>
        <marc:datafield tag="035" ind1=" " ind2=" ">
            <marc:subfield code="a">(OCoLC)741224501</marc:subfield>
        </marc:datafield>
        <marc:datafield tag="035" ind1=" " ind2=" ">
            <marc:subfield code="a">(OCoLC)ocn741224501</marc:subfield>
        </marc:datafield>
        <marc:datafield tag="035" ind1=" " ind2=" ">
            <marc:subfield code="a">(EXLNZ-01ALLIANCE_NETWORK)99111494210001451</marc:subfield>
        </marc:datafield>
        <marc:datafield tag="035" ind1=" " ind2=" ">
            <marc:subfield code="a">(01ALLIANCE_UW)99146543260001452</marc:subfield>
        </marc:datafield>
        <marc:datafield tag="040" ind1=" " ind2=" ">
            <marc:subfield code="a">WAU</marc:subfield>
            <marc:subfield code="b">eng</marc:subfield>
            <marc:subfield code="c">WAU</marc:subfield>
            <marc:subfield code="d">OCLCF</marc:subfield>
            <marc:subfield code="d">OCLCQ</marc:subfield>
            <marc:subfield code="d">OCLCA</marc:subfield>
            <marc:subfield code="d">OCLCO</marc:subfield>
            <marc:subfield code="d">OCL</marc:subfield>
            <marc:subfield code="d">OCLCO</marc:subfield>
            <marc:subfield code="d">OCLCQ</marc:subfield>
            <marc:subfield code="d">OCLCL</marc:subfield>
        </marc:datafield>
        <marc:datafield tag="049" ind1=" " ind2=" ">
            <marc:subfield code="a">MAIN</marc:subfield>
        </marc:datafield>
        <marc:datafield tag="050" ind1="1" ind2="4">
            <marc:subfield code="a">PN6013</marc:subfield>
            <marc:subfield code="b">.L66 2004b</marc:subfield>
        </marc:datafield>
        <marc:datafield tag="082" ind1="0" ind2="4">
            <marc:subfield code="a">808.8</marc:subfield>
            <marc:subfield code="q">OCoLC</marc:subfield>
            <marc:subfield code="2">22/eng/20231120</marc:subfield>
        </marc:datafield>
        <marc:datafield tag="245" ind1="0" ind2="4">
            <marc:subfield code="a">The Longman anthology of world literature /</marc:subfield>
            <marc:subfield code="c">David Damrosch, general editor.</marc:subfield>
        </marc:datafield>
        <marc:datafield tag="246" ind1="1" ind2="4">
            <marc:subfield code="a">Longman anthology, world literature</marc:subfield>
        </marc:datafield>
        <marc:datafield tag="250" ind1=" " ind2=" ">
            <marc:subfield code="a">[Value pack ed.].</marc:subfield>
        </marc:datafield>
        <marc:datafield tag="260" ind1=" " ind2=" ">
            <marc:subfield code="a">New York :</marc:subfield>
            <marc:subfield code="b">Longman,</marc:subfield>
            <marc:subfield code="c">©2004-</marc:subfield>
        </marc:datafield>
        <marc:datafield tag="300" ind1=" " ind2=" ">
            <marc:subfield code="a">volumes :</marc:subfield>
            <marc:subfield code="b">illustrations (some color), maps ;</marc:subfield>
            <marc:subfield code="c">24 cm +</marc:subfield>
            <marc:subfield code="e">audio discs (digital ; 4 /34 in.)</marc:subfield>
        </marc:datafield>
        <marc:datafield tag="336" ind1=" " ind2=" ">
            <marc:subfield code="a">text</marc:subfield>
            <marc:subfield code="b">txt</marc:subfield>
            <marc:subfield code="2">rdacontent</marc:subfield>
        </marc:datafield>
        <marc:datafield tag="337" ind1=" " ind2=" ">
            <marc:subfield code="a">unmediated</marc:subfield>
            <marc:subfield code="b">n</marc:subfield>
            <marc:subfield code="2">rdamedia</marc:subfield>
        </marc:datafield>
        <marc:datafield tag="338" ind1=" " ind2=" ">
            <marc:subfield code="a">volume</marc:subfield>
            <marc:subfield code="b">nc</marc:subfield>
            <marc:subfield code="2">rdacarrier</marc:subfield>
        </marc:datafield>
        <marc:datafield tag="500" ind1=" " ind2=" ">
            <marc:subfield code="a">Vol B has publisher: Pearson Longman.</marc:subfield>
        </marc:datafield>
        <marc:datafield tag="500" ind1=" " ind2=" ">
            <marc:subfield code="a">Accompanying compact discs contain both music and spoken word selection illustrating the text.</marc:subfield>
        </marc:datafield>
        <marc:datafield tag="500" ind1=" " ind2=" ">
            <marc:subfield code="a">Title on accompanying CD: Voices of world literature.</marc:subfield>
        </marc:datafield>
        <marc:datafield tag="504" ind1=" " ind2=" ">
            <marc:subfield code="a">Includes bibliographical references and indexes.</marc:subfield>
        </marc:datafield>
        <marc:datafield tag="505" ind1="0" ind2=" ">
            <marc:subfield code="a">Vol. A. The ancient world -- v. B. The medieval era -- v. C. The early modern period -- v. D. The seventeenth and eighteenth centuries -- v. E. The nineteenth century -- v. F. The twentieth century.</marc:subfield>
        </marc:datafield>
        <marc:datafield tag="505" ind1="2" ind2=" ">
            <marc:subfield code="a">v. A. The ancient world -- Crosscurrents: creation myths and social concerns -- A Babylonian theogony -- The Memphite theology -- The Pyramid texts of Unas -- Hymns from the Rig Veda -- The great hymn to the Aten -- from Enuma Elish: the Babylonian creation epic -- Hesiod -- Genesis -- The ancient Near East -- Poetry of love an devotion -- The song of songs -- The epic of Gilgamesh -- Perspectives: death and immortality -- The book of job -- Perspectives: strangers in a strange land -- The story of Sinuhe -- The two brothers -- The Joseph story -- The book of Ruth -- Classical Greece -- Homer -- Arkhilokhos -- Sppho -- Alkaios -- Pindar -- Aeschylus -- Sophocles -- Perspectives: tyranny and democracy -- Solon -- Herodotus -- Plato -- Euripides -- Aristophanes -- Early South Asia -- The Mahabharata of Vyasa -- The Ramayana of Valmiki -- Perspectives: what is &quot;Literature&quot;? -- Love in a courtly language -- The Tamil anthologies -- The seven hundred songs of Hala -- The hundred poems of Amaru -- Vatsyayana -- Kalidasa -- Perspectives: asceticism, wisdom, and the middle way -- China: the classical tradition -- The book of songs -- Confucius -- Perspectives: Daoism and its ways -- Sima Qian -- Rome and the Roman empire -- Virgil -- Ovid -- Perspectives: the culture of Rome and the beginnings of Christianity -- Augustine -- Maps.</marc:subfield>
        </marc:datafield>
        <marc:datafield tag="505" ind1="2" ind2=" ">
            <marc:subfield code="a">v. B. The medieval era -- Crosscurrents: contact, conflict and conversion -- Medieval China -- Liu Xiang -- Ban Zhao -- Yuan Cai -- Voices of women -- Yuan Zhen -- Tao Qian -- Han-Shan -- Wang Wei -- Li Bo -- Du Fu -- Bo Juyi -- Perspectives: what is literature? -- Li Yu -- Li Qingzhao -- Japan -- Kojiki (record of ancient matters) -- Man'yōshū (collection of myriad leaves) -- Murasaki Shikibu -- Perspectives: courtly women -- Ono no Kamachi -- Michitsuna's mother -- Sei Shōnagon -- Kamo no Chōmei -- Tales of the Heike -- Zeami -- Classical Arabic and Islamic literatures -- Imru' Al-Qays -- Al-Khansa' -- The brigand poets: Al-sa'alik -- The Qur'an -- Hafiz -- Perspectives: poetry, wine, and love -- Abu-Nuwas -- Abu-Tammam -- Al-Buhturi -- Ibn Al-rumi -- Al-Mutanabbi -- Ibn Zaydun -- Al-Jahiz -- The thousand and one nights -- Jalal Al-din Rumi -- Perspectives: asceticism, sufism, and wisdom -- Al-Hallaj -- Al-Niffari -- Ibn 'Arabi -- Firdawsi -- The epic of Son-Jara -- Medieval Europe -- Beowulf -- The poem of the Cid -- Perspectives: Iberia, the meeting of three worlds -- Castilian ballads and traditional songs -- Mozarabic Kharjas -- Ibn Hạzm -- Ibn Rushd (Averroës) -- Solomon Ibn Gabirol -- Yehuda Ha-Levi -- Ramón Llull -- Martin Codax -- Troubadours and Trobairitz -- Walther Von Der Vogelweide -- Marie De France -- Sir Gawain and the Green Knight -- Perspectives: the art of love -- Peter Abelard and Heloïse -- from The play of Adam -- Dante Alighieri -- Geoffrey Chaucer -- François Villon.</marc:subfield>
        </marc:datafield>
        <marc:datafield tag="505" ind1="2" ind2=" ">
            <marc:subfield code="a">v. C. The early modern period -- Crosscurrents: the vernacular revolution -- Vernacular writing in South Asia -- Basavanna -- Mahadeviyakka -- Kabir -- Tukaram -- Kshetrayya -- Wu Cheng'en -- The rise of the vernacular in Europe -- Biblical translations -- attacking and defending the vernacular bible -- women and the vernacular -- Early modern Europe -- Giovanni Boccaccio -- Marguerite de Navarre -- Francis Petrarch -- After the death of my lady Laura -- Perspectives: lyric sequences and self-definition -- Louise Labé -- Michelangelo Buonarroti -- Vittoria Colonna -- William Shakespeare -- Jan Kochanowski -- Sor Juana Inés de la Cruz -- Niccolò Machiavelli -- Sir Thomas More -- Perspectives: Literature of religious crisis -- Desiderius Erasmus -- Martin Luther -- Thomas Müntzer -- Saint Teresa of Avila -- Saint John of the Cross -- Domenico Scandella -- François Rabelais -- Luís Vaz de Camões -- Michel de Montaigne -- Miguel de Cervantes Saavedra -- Lope Féliz de Vega Carpio -- William Shakespeare -- John Donne -- Anne Bradstreet -- John Milton -- Mesoamerica: before Columbus and after Cortés -- The legend of the suns -- from Popol Vuh: the Mayan council book -- Songs of the Aztec nobility -- Perspectives: the conquest and its aftermath -- Christopher Columbus -- Bernal Díaz del Castillo -- Bernardino de Sahagún -- from The Aztec-Spanish dialogues of 1524 -- Hernando Ruiz de Alarcón -- Bartolomé de las casas -- Sor Juana Inéz de la Cruz.</marc:subfield>
        </marc:datafield>
        <marc:datafield tag="505" ind1="2" ind2=" ">
            <marc:subfield code="a">v. D. The seventeenth and eighteenth centuries -- Crosscurrents: courts and commoners -- The world the Mughals made -- Zahiruddin Muhammad Babur -- Jahangir -- Mirza Muhammad Rafi &quot;Sauda&quot; -- Mir Muhammad Taqi &quot;Mir&quot; -- Banarasidas -- Chikamatsu Mon'zaemon -- Ihara Saikaku -- Cao Xueqin -- The Ottoman Empire -- Mihri Khatun -- Fuzuli -- Nedîm -- Lady Mary Wortley Montagu -- The age of the Enlightenment -- Jean-Baptiste Poquelin [Molière] -- The school for wives -- Perspectives: court culture and female authorship -- Madeleine de Scudéry -- Marie-Madeleine Pioche de la Vergne, Comtesse de Lafayette -- Marie de Rabutin-Chantal, Marquise de Sévigné -- Elizabeth Charlotte von der Pfalz -- Katherine Philips -- Mary, Lady Chudleigh -- Anne Finch, countess of Winchilsea -- Jonathan Swift -- Lady Mary Worley Montagu -- Ann Yearsley -- Aphra Behn -- Jonathan Swift -- Gulliver's travels -- Perspectives: Journeys in search of the self -- Evliya Çelebi -- Matsuo Bashō -- Charles de Secondat, Baron de la Bréde et de Montesquieu -- Françoise de Graffigny -- Denis Diderot -- Olaudah Equiano -- Francois-Marie Arouet [Voltaire] -- Alexander Pope -- Lorenzo de Ponte -- Perspectives: liberty and libertines -- Ihara Saikaku -- Tsangyang Gyatso -- John Wilmot, Earl of Rochester -- Eliza Haywood -- Jean-Jacques Rousseau -- Donatien-Alphonse-François, Marquis de Sade -- Mary Wollstonecraft -- Anna Letitia Barbauld -- Immanuel Kant.</marc:subfield>
        </marc:datafield>
        <marc:datafield tag="505" ind1="2" ind2=" ">
            <marc:subfield code="a">v. E. The nineteenth century -- Crosscurrents: the folk and their tales -- Aesop's fables -- Panchatantra -- Jean de la Fontaine -- The Pali Jatakas -- Joel Chandler Harris -- Charles Perrault -- Benedikte Naubert -- Jacob and Wilheilm Grimm -- Coyote Tales -- Mark Twain -- William Wordsworth -- Perspectives: Romantic nature -- Jean-Jacques Rousseau -- Immanuel Kant -- John Keats -- Annette von Droste-Hülshoff -- Giacomo Leopardi -- Ralph Waldo Emerson -- Henry David Thoreau -- Johann Wolfgang Goethe -- To the moon -- Erlking -- Mignon -- Dusk descended from on high -- Blissful yearning -- George Gordon, Lord Byron -- Ghalib -- Alexander Sergeyevich Pushkin -- Perspectives: the national poet -- Nguyen Du -- Anna Letitia Barbauld -- Adam Mickiewicz -- Dionysios Solomos -- Ralph Waldo Emerson -- Walt Whitman -- Perspectives: on the colonial frontier -- Kikhail Lermontov -- Domingo Sarmiento -- Charles A. Eastman (Ohiyesa) -- Hawaiian songs -- José Rizal -- The romantic fantastic -- Samuel Taylor Coleridge -- Ludwig Tieck -- Honoré de Balzac -- Edgar Allan Poe -- Gustave Flaubert -- Perspectives: Occidentalism : Europe through foreign eyes -- Najaf Kuli Mirza -- Mustafa Sami Effendi -- Hattori Bushō -- Okakura Kakuzo -- Elizabeth Barrett Browning -- Charles Baudelaire -- Leo Tolstoy -- Fyodor Dostoevsky -- Hathali Nez and Washington Matthews -- Herman Melville -- Frederick Douglass -- Harriet Jacobs -- Emily Dickinson -- Joaquim María Machado de Assis -- Charlotte Perkins Gilman -- Rubén Darío -- Henrik Ibsen -- Higuchi Ichiyo -- Liu E -- Anton Chekhov -- Rabindranath Tagore.</marc:subfield>
        </marc:datafield>
        <marc:datafield tag="505" ind1="2" ind2=" ">
            <marc:subfield code="a">v. F. The Twentieth century -- Crosscurrents: the art of the manifesto -- Filippo Tommaso Marinetti -- Tristan Tzara -- André Breton -- Mina Loy -- Yokomitsu Riichi -- Oswald de Andrade -- André Breton -- Hu Shi -- Joseph Conrad -- Premchand -- Lu Xun -- James Joyce -- Virginia Woolf -- Akutagawa Ryunosuke -- Perspectives: modernist memory -- T.S. Eliot -- Constantine Cavafy -- Claude McKay -- Federico García Lorca -- Carlos Drummond de Andrade -- Emile Habiby -- Octovio Paz -- Franz Kafka -- Anna Akhmatova -- Perspectives: modernism and revolution in Russia -- Vladimir Mayakovski -- Boris Pasternak Andrei Bely -- Marina Tsvetaeva -- Osip Mandelstam -- William Butler Yeats -- Rainer Maria Rilke -- Perspectives: poetry about poetry -- Ezra Pound -- Eugenio Montale -- Fernando Pessoa -- Pablo Neruda -- Wallace Stevens -- Nazim Hikmet -- Bei Dao -- Daniel David Moses -- Bertolt Brecht -- Primo Levi -- Perspectives: echoes of war -- Yosano Akiko -- Rupert Brooke -- Wilfred Owen -- Yukio Mishima -- Paul Celan -- Zbigniew Herbert -- Alejo Carpentier -- Nazim Hikmet -- Ingeborg Bachmann -- Yehuda Amichai -- Samuel Beckett -- Perspectives: cosmopolitan exiles -- César Vallejo -- Vladimir Nabokov -- Czeslaw Milosz -- V.S. Naipaul -- Adonis (Ali Ahmad Sa'id) -- Jorge Luis Borges -- Naguib Mahfouz -- Perspectives: the 1001 nights in the twentieth century -- Güneli Gün -- John Barth -- Italo Calvino -- Léopold Sédar Senghor -- Aimé Césaire -- James Baldwin -- Gerald Vizenor -- Perspectives: indigenous cultures in the twentieth century.</marc:subfield>
        </marc:datafield>
        <marc:datafield tag="505" ind1="2" ind2=" ">
            <marc:subfield code="a">Oodgeroo of the tribe Noonuccal -- Archie Weller -- Paula Gunn Allen -- Leslie Marmon Silko -- N. Scott Momaday -- Louise Erdrich -- Ibrahim Al-Kuni -- Zhang Ailing (Eileen Chang) -- Mahasweta Devi -- Perspectives: gendered spaces -- Clarice Lispector -- Fatima Mernissi -- Ama Ata Aidoo -- Hanan Al-Shaykh -- Juan Goytisolo -- Gabriel García Márquez -- Jamaica Kincaid -- Mariama Bâ -- Chinua Achebe -- Wole Soyinka -- Perspectives: postcolonial conditions -- Nadine Gordimer -- Fadwa Tuqan -- Mahmoud Darwish -- Faiz Ahmed Faiz -- Reza Baraheni -- Farough Faroghzad -- Derek Walcott -- Salman Rushdie -- Perspectives: literature, technology, and media -- Mario Vargas Llosa -- Christa Wolf -- Abdelrahman Munif -- Murakami Haruki -- William Gibson.</marc:subfield>
        </marc:datafield>
        <marc:datafield tag="650" ind1=" " ind2="0">
            <marc:subfield code="a">Literature</marc:subfield>
            <marc:subfield code="v">Collections.</marc:subfield>
        </marc:datafield>
        <marc:datafield tag="650" ind1=" " ind2="0">
            <marc:subfield code="a">Literature</marc:subfield>
            <marc:subfield code="x">History and criticism.</marc:subfield>
        </marc:datafield>
        <marc:datafield tag="650" ind1=" " ind2="0">
            <marc:subfield code="a">Anthologies.</marc:subfield>
        </marc:datafield>
        <marc:datafield tag="650" ind1=" " ind2="6">
            <marc:subfield code="a">Anthologies.</marc:subfield>
        </marc:datafield>
        <marc:datafield tag="650" ind1=" " ind2="6">
            <marc:subfield code="a">Littérature</marc:subfield>
            <marc:subfield code="x">Histoire et critique.</marc:subfield>
        </marc:datafield>
        <marc:datafield tag="650" ind1=" " ind2="7">
            <marc:subfield code="a">anthologies.</marc:subfield>
            <marc:subfield code="2">aat</marc:subfield>
        </marc:datafield>
        <marc:datafield tag="650" ind1=" " ind2="7">
            <marc:subfield code="a">Anthologies</marc:subfield>
            <marc:subfield code="2">fast</marc:subfield>
        </marc:datafield>
        <marc:datafield tag="650" ind1=" " ind2="7">
            <marc:subfield code="a">Literature</marc:subfield>
            <marc:subfield code="2">fast</marc:subfield>
        </marc:datafield>
        <marc:datafield tag="655" ind1=" " ind2="7">
            <marc:subfield code="a">Collections</marc:subfield>
            <marc:subfield code="2">fast</marc:subfield>
        </marc:datafield>
        <marc:datafield tag="655" ind1=" " ind2="7">
            <marc:subfield code="a">Criticism, interpretation, etc.</marc:subfield>
            <marc:subfield code="2">fast</marc:subfield>
        </marc:datafield>
        <marc:datafield tag="776" ind1="0" ind2="8">
            <marc:subfield code="i">Online version:</marc:subfield>
            <marc:subfield code="t">Longman anthology of world literature.</marc:subfield>
            <marc:subfield code="b">1st ed.</marc:subfield>
            <marc:subfield code="d">New York : Longman, ©2004-</marc:subfield>
            <marc:subfield code="w">(OCoLC)607514327</marc:subfield>
        </marc:datafield>
        <marc:datafield tag="758" ind1=" " ind2=" ">
            <marc:subfield code="i">has work:</marc:subfield>
            <marc:subfield code="a">The Longman anthology of world literature (Text)</marc:subfield>
            <marc:subfield code="1">https://id.oclc.org/worldcat/entity/E39PCGXqpwfc3QCTVvFDt6X7jK</marc:subfield>
            <marc:subfield code="4">https://id.oclc.org/worldcat/ontology/hasWork</marc:subfield>
        </marc:datafield>
        <marc:datafield tag="740" ind1="0" ind2="2">
            <marc:subfield code="a">Voices of world literature.</marc:subfield>
        </marc:datafield>
        <marc:datafield tag="700" ind1="1" ind2=" ">
            <marc:subfield code="a">Damrosch, David.</marc:subfield>
        </marc:datafield>
        <marc:datafield tag="856" ind1="4" ind2="1">
            <marc:subfield code="3">Table of contents</marc:subfield>
            <marc:subfield code="u">http://catdir.loc.gov/catdir/toc/fy0905/2003061890.html</marc:subfield>
        </marc:datafield>
        <marc:datafield tag="973" ind1=" " ind2=" ">
            <marc:subfield code="a">pbooks</marc:subfield>
        </marc:datafield>
        <marc:datafield tag="977" ind1=" " ind2=" ">
            <marc:subfield code="a">cag</marc:subfield>
            <marc:subfield code="9">LOCAL</marc:subfield>
        </marc:datafield>
        <marc:datafield tag="978" ind1=" " ind2=" ">
            <marc:subfield code="a">.b68297191</marc:subfield>
            <marc:subfield code="9">LOCAL</marc:subfield>
        </marc:datafield>
        <marc:datafield tag="994" ind1=" " ind2=" ">
            <marc:subfield code="a">92</marc:subfield>
            <marc:subfield code="b">OCACL</marc:subfield>
        </marc:datafield>
    </marc:record>
</marc:collection>